@Misc{ge,
  author       = {Laura Winig},
  title        = {GE's Big Bet on Data and Analytics},
  howpublished = {Website},
  month        = feb,
  year         = {2016},
  note         = {Case Study},
  url          = {https://sloanreview.mit.edu/case-study/ge-big-bet-on-data-and-analytics/},
}
@Misc{economist,
  author       = {The Economist},
  title        = {Data is giving rise to a new economy},
  howpublished = {Website},
  month        = may,
  year         = {2017},
  url          = {https://www.economist.com/news/briefing/21721634-how-it-shaping-up-data-giving-rise-new-economy},
}
@Misc{athena,
  author       = {Amazon},
  title        = {Amazon Athena},
  howpublished = {Website},
  year         = {2017},
  url          = {https://aws.amazon.com/athena/},
}
@Misc{aws-mkt,
  author       = {Synergy Research Group},
  title        = {AWS Remains Dominant Despite Microsoft and Google Growth Surges},
  howpublished = {Website},
  month        = feb,
  year         = {2016},
}

@Misc{bezos,
  author       = {Jeffrey P. Bezos},
  title        = {Annual Letter to Shareholders},
  howpublished = {Press Release},
  month        = apr,
  year         = {2015},
}

@Misc{yelp,
  author       = {Yelp},
  title        = {Fact Sheet},
  howpublished = {Website},
  month        = jun,
  year         = {2017},
  url          = {https://www.yelp.com/factsheet},
}

@Misc{yelp-aws,
  author       = {Amazon},
  title        = {Yelp Data Analytics Case Study},
  howpublished = {Website},
  year         = {2017},
  url          = {https://aws.amazon.com/solutions/case-studies/yelp-data-analytics/},
}

@Misc{yelp-ceo,
  author       = {Jeremy Stoppelman},
  title        = {Fast Company Innovation Uncensored},
  howpublished = {Panel Discussion},
  month        = nov,
  year         = {2013},
  url          = {http://blog.fastcompany.com/post/66283564254/yelp-ceo-jeremy-stoppelman-talks-big-data-in-this},
}

@Misc{yelp-eng,
  author       = {David M. Search},
  title        = {mrjob: Distributed Computing for Everybody},
  howpublished = {Website},
  month        = oct,
  year         = {2010},
  url          = {https://engineeringblog.yelp.com/2010/10/mrjob-distributed-computing-for-everybody.html},
}

@Misc{yelp-hbr,
  author       = {Niraj Dawar},
  title        = {Use Big Data to Create Value for Customers, Not Just Target Them},
  howpublished = {Website},
  month        = aug,
  year         = {2016},
  url          = {https://hbr.org/2016/08/use-big-data-to-create-value-for-customers-not-just-target-them},
}

@Misc{zillow-data,
  author       = {Eric Knorr},
  title        = {Hot property: How Zillow became the real estate data hub},
  howpublished = {Website},
  month        = apr,
  year         = {2016},
  url          = {https://www.infoworld.com/article/3060773/big-data/hot-property-how-zillow-became-the-real-estate-data-hub.html},
}

@Misc{zillow-aws,
  author       = {Amazon},
  title        = {Zillow Provides Near-Real-Time Home-Value Estimates Using Amazon Kinesis},
  howpublished = {Website},
  year         = {2017},
  url          = {https://aws.amazon.com/solutions/case-studies/zillow-zestimate/},
}

@Misc{nflx,
  author       = {Netflix},
  title        = {Investor Relations - Financial Statements},
  howpublished = {Website},
  month        = sep,
  year         = {2017},
  url          = {https://ir.netflix.com/},
}

@Misc{nflx-bn,
  author       = {Softpedia},
  title        = {Netflix Users Spend 1 Billion Hours per Week Watching Movies},
  howpublished = {Website},
  month        = apr,
  year         = {2017},
  url          = {http://news.softpedia.com/news/netflix-users-spend-1-billion-hours-per-week-watching-movies-514989.shtml},
}

@Misc{nflx-conf,
  author       = {Neil Hunt},
  howpublished = {Website},
  year         = {2016},
  note         = {Conference Presentation at AWS re:Invent 2016},
  url          = {https://aws.amazon.com/solutions/case-studies/netflix/},
}

@Misc{nflx-tech,
  author       = {Steven Wu and Allen Wang and Monal Daxini and Manas Alekar and Zhenzhong Xu and Jigish Pateland  Nagarjun Guraja and Jonathan Bond and Matt Zimmer and Peter Bakas},
  title        = {Evolution of the Netflix Data Pipeline},
  howpublished = {Website},
  month        = feb,
  year         = {2016},
  url          = {https://medium.com/netflix-techblog/evolution-of-the-netflix-data-pipeline-da246ca36905},
}

@Misc{nflx-kin,
  author       = {Amazon},
  title        = {Netflix and Amazon Kinesis Streams Case Study},
  howpublished = {Website},
  year         = {2017},
  url          = {https://aws.amazon.com/solutions/case-studies/netflix-kinesis-streams/},
}

@Misc{elastic,
  author       = {Amazon},
  title        = {Amazon Elasticsearch Service},
  howpublished = {Website},
  year         = {2017},
  url          = {https://aws.amazon.com/elasticsearch-service/},
}

@Misc{emr,
  author       = {Amazon},
  title        = {Amazon EMR},
  howpublished = {Website},
  year         = {2017},
  url          = {https://aws.amazon.com/emr/},
}

@Misc{quicksight,
  author       = {Amazon},
  title        = {Amazon QuickSight},
  howpublished = {Website},
  year         = {2017},
  url          = {https://quicksight.aws/},
}

@Misc{datapipe,
  author = {Amazon},
  title  = {AWS Data Pipeline},
  year   = {2017},
  url    = {https://aws.amazon.com/datapipeline/},
}

@Misc{clouds,
  author = {Amazon},
  title  = {Amazon CloudSearch},
  year   = {2017},
  url    = {https://aws.amazon.com/cloudsearch/},
}

@Misc{glue,
  author       = {Amazon},
  title        = {AWS Glue},
  howpublished = {Website},
  year         = {2017},
  url          = {https://aws.amazon.com/glue/},
}

@Misc{kinesis,
  author       = {Amazon},
  title        = {Amazon Kinesis},
  howpublished = {Website},
  year         = {2017},
  url          = {https://aws.amazon.com/kinesis/},
}

@Misc{redshift-2,
  author       = {Ingrid Lunden},
  title        = {Amazon Takes Redshift, Its Cloud-Based Data Warehouse Killer, Global},
  howpublished = {Website},
  month        = feb,
  year         = {2013},
  url          = {https://techcrunch.com/2013/02/15/amazon-takes-redshift-its-cloud-based-data-warehouse-killer-global/},
}

@Misc{redshift-1,
  author       = {Amazon},
  title        = {Amazon Redshift},
  howpublished = {Website},
  year         = {2017},
  url          = {https://aws.amazon.com/redshift/},
}
